[gd_scene load_steps=22 format=3 uid="uid://cm44c2338tg73"]

[ext_resource type="Script" path="res://root.gd" id="1_oxpke"]
[ext_resource type="Script" path="res://sky/skylight.gd" id="2_6ggjd"]
[ext_resource type="PackedScene" uid="uid://dca34mb4we346" path="res://player/player.tscn" id="2_fltqv"]
[ext_resource type="Script" path="res://world_time.gd" id="2_jkcbm"]
[ext_resource type="PackedScene" uid="uid://dpnd78spillwe" path="res://camera/camera.tscn" id="2_oaf28"]
[ext_resource type="Curve" uid="uid://boehbwloavfnc" path="res://sky/sun_alt.tres" id="3_5te3y"]
[ext_resource type="Script" path="res://addons/second_order_dyn/dynamics3.gd" id="3_l560k"]
[ext_resource type="Script" path="res://stats.gd" id="3_seqi6"]
[ext_resource type="Curve" uid="uid://bdab2hoeilinh" path="res://sky/sun_energy.tres" id="4_y4pw8"]
[ext_resource type="Gradient" uid="uid://b3sx5n1va2nqr" path="res://sky/sun_grad.tres" id="5_qo5xw"]
[ext_resource type="PackedScene" uid="uid://cdve6w6aeb8o" path="res://select_menu/select_menu.tscn" id="5_ukmvt"]
[ext_resource type="PackedScene" uid="uid://bigsqjij3o5xs" path="res://trees/tree_mgr.tscn" id="7_k6nti"]
[ext_resource type="PackedScene" uid="uid://cb2l0qrvlde5o" path="res://map/paris_2.tscn" id="12_t5tst"]
[ext_resource type="PackedScene" uid="uid://b682mdvqg4s3p" path="res://dialog/dialog_mgr.tscn" id="13_fvt5q"]
[ext_resource type="PackedScene" uid="uid://yfps2mohi464" path="res://dialog/dialog_options.tscn" id="15_2i5hi"]
[ext_resource type="PackedScene" uid="uid://27w1sw1xs556" path="res://notifications/notifications.tscn" id="15_o0x4i"]

[sub_resource type="PhysicalSkyMaterial" id="PhysicalSkyMaterial_exa6h"]
energy_multiplier = 4.0

[sub_resource type="Sky" id="Sky_vy0bp"]
sky_material = SubResource("PhysicalSkyMaterial_exa6h")

[sub_resource type="Environment" id="Environment_k7n8v"]
background_mode = 2
sky = SubResource("Sky_vy0bp")
ambient_light_source = 3
ambient_light_color = Color(0.317647, 0.317647, 0.317647, 1)
ambient_light_sky_contribution = 0.5
reflected_light_source = 1
ssao_enabled = true
fog_density = 0.0017
fog_aerial_perspective = 1.0
fog_sky_affect = 0.0
volumetric_fog_density = 0.005
volumetric_fog_ambient_inject = 4.22

[sub_resource type="WorldBoundaryShape3D" id="WorldBoundaryShape3D_3usa4"]

[sub_resource type="Resource" id="Resource_wkp4b"]
script = ExtResource("3_l560k")
human_values = Vector3(2.5, 1.3, 1)

[node name="Root" type="Node3D"]
script = ExtResource("1_oxpke")

[node name="WorldTime" type="Node" parent="."]
script = ExtResource("2_jkcbm")
day_progress = 0.15

[node name="Stats" type="Node" parent="."]
script = ExtResource("3_seqi6")

[node name="WorldEnvironment" type="WorldEnvironment" parent="."]
environment = SubResource("Environment_k7n8v")

[node name="Skylight" type="Node3D" parent="."]
transform = Transform3D(0.156423, -0.0121123, 0.987616, 0.00189478, 0.999927, 0.0119632, -0.987688, 0, 0.156435, 0, 0, 0)
script = ExtResource("2_6ggjd")
sun_altitude = ExtResource("3_5te3y")
sun_energy = ExtResource("4_y4pw8")
sun_gradient = ExtResource("5_qo5xw")

[node name="DirectionalLight3D" type="DirectionalLight3D" parent="Skylight"]
transform = Transform3D(1, -2.5332e-07, 3.72529e-07, -1.22005e-09, 0.817969, 0.575262, -1.49012e-08, -0.575262, 0.817969, 0, 0, 0)
light_angular_distance = 3.0
shadow_enabled = true
shadow_blur = 0.05
directional_shadow_max_distance = 500.0

[node name="WorldBoundary" type="StaticBody3D" parent="."]

[node name="CollisionShape3D" type="CollisionShape3D" parent="WorldBoundary"]
shape = SubResource("WorldBoundaryShape3D_3usa4")

[node name="Camera" parent="." instance=ExtResource("2_oaf28")]
transform = Transform3D(1, 0, 0, 0, 1, 0, 0, 0, 1, 0, 1.2, 0)
initial_target = NodePath("../Player/Model/CameraTarget")
follow_dynamics = SubResource("Resource_wkp4b")

[node name="Player" parent="." instance=ExtResource("2_fltqv")]
transform = Transform3D(1, 0, 0, 0, 1, 0, 0, 0, 1, -173.5, 4.07908, 443.841)

[node name="Model" parent="Player" index="3"]
transform = Transform3D(-1, 0, -8.74228e-08, 0, 1, 0, 8.74228e-08, 0, -1, 0, 0, 0)

[node name="Skeleton3D" parent="Player/Model/khajiit/Armature" index="0"]
bones/0/position = Vector3(0.203779, -0.428835, -99.6537)
bones/0/rotation = Quaternion(-0.711646, -0.0266034, -0.0448272, 0.700602)
bones/1/rotation = Quaternion(-0.029602, -0.0127857, 0.0269363, 0.999117)
bones/2/rotation = Quaternion(-0.00155192, -0.00304204, 0.0516844, 0.998658)
bones/3/rotation = Quaternion(-0.00156631, 0.00236114, 0.0512389, 0.998682)
bones/4/rotation = Quaternion(0.046032, -0.00148266, -0.0191521, 0.998755)
bones/5/rotation = Quaternion(0.0182697, 0.00629515, -0.0687874, 0.997444)
bones/7/rotation = Quaternion(-0.619156, -0.423468, 0.456969, -0.478016)
bones/8/rotation = Quaternion(0.64111, 0.0412425, -0.071385, 0.763008)
bones/10/rotation = Quaternion(0.103155, -0.248038, -0.0688042, 0.960782)
bones/11/rotation = Quaternion(0.187129, 0.264587, 0.42261, 0.846391)
bones/12/rotation = Quaternion(0.0273832, -0.123734, -0.38382, 0.914671)
bones/13/rotation = Quaternion(0.0201812, -0.0176864, -0.134236, 0.990586)
bones/15/rotation = Quaternion(0.0728009, 0.00270346, 0.0226432, 0.997086)
bones/16/rotation = Quaternion(0.186711, -0.00115432, -0.0429263, 0.981476)
bones/17/rotation = Quaternion(0.0974355, 0.000827092, -0.00731473, 0.995215)
bones/19/rotation = Quaternion(0.140613, 0.00396884, -0.0201143, 0.989852)
bones/20/rotation = Quaternion(0.294797, -0.00274627, -0.0455665, 0.954469)
bones/21/rotation = Quaternion(0.11547, 0.000254601, -0.0178003, 0.993151)
bones/23/rotation = Quaternion(0.202603, 0.00362896, -0.0533258, 0.977801)
bones/24/rotation = Quaternion(0.321655, 0.00269253, -0.0417162, 0.945934)
bones/25/rotation = Quaternion(0.146364, 0.00148992, -0.0172377, 0.989079)
bones/27/rotation = Quaternion(0.279213, 0.0124698, -0.101287, 0.954791)
bones/28/rotation = Quaternion(0.366007, -0.0021151, -0.0431789, 0.929607)
bones/29/rotation = Quaternion(0.156081, -0.000877756, -0.0274178, 0.987363)
bones/31/rotation = Quaternion(0.57165, -0.476314, 0.509888, 0.43169)
bones/32/rotation = Quaternion(0.524291, -0.0340484, 0.00816988, 0.850819)
bones/34/rotation = Quaternion(0.0979421, 0.0963985, 0.122864, 0.982863)
bones/35/rotation = Quaternion(0.196294, -0.257958, -0.431561, 0.841832)
bones/36/rotation = Quaternion(0.0279978, 0.120837, 0.392255, 0.911455)
bones/37/rotation = Quaternion(0.0256188, 0.0217716, 0.136191, 0.990112)
bones/39/rotation = Quaternion(0.0803482, -0.0057638, -0.0219405, 0.996509)
bones/40/rotation = Quaternion(0.187106, 0.00117668, 0.044609, 0.981326)
bones/41/rotation = Quaternion(0.129467, 0.000207475, 0.00258698, 0.99158)
bones/43/rotation = Quaternion(0.148346, -0.00408292, 0.023526, 0.988647)
bones/44/rotation = Quaternion(0.295106, 0.00275932, 0.0437819, 0.954457)
bones/45/rotation = Quaternion(0.146987, -6.30006e-05, 0.0193383, 0.988949)
bones/47/rotation = Quaternion(0.210336, -0.00220949, 0.0571865, 0.975953)
bones/48/rotation = Quaternion(0.321906, -0.00245247, 0.0391315, 0.945959)
bones/49/rotation = Quaternion(0.1338, 0.00167027, 0.00110787, 0.991006)
bones/51/rotation = Quaternion(0.287241, -0.0135211, 0.105233, 0.951964)
bones/52/rotation = Quaternion(0.366425, 0.00234591, 0.0363602, 0.929734)
bones/53/rotation = Quaternion(0.170876, 0.00731287, 0.00627301, 0.985245)
bones/55/rotation = Quaternion(0.114646, 0.166565, 0.969833, -0.136151)
bones/56/rotation = Quaternion(-0.249172, -0.0778573, 0.0174696, 0.965167)
bones/57/rotation = Quaternion(0.479589, -0.0580367, -0.0819759, 0.871726)
bones/60/rotation = Quaternion(-0.0425656, 0.0145464, 0.995168, -0.0872782)
bones/61/rotation = Quaternion(-0.136151, 0.042714, 0.0438927, 0.988793)
bones/62/rotation = Quaternion(0.53042, -0.0354438, -0.0600863, 0.84486)

[node name="TreeMgr" parent="." instance=ExtResource("7_k6nti")]

[node name="Paris2" parent="." instance=ExtResource("12_t5tst")]

[node name="DialogMgr" parent="." instance=ExtResource("13_fvt5q")]
visible = false

[node name="Interactions" type="Control" parent="."]
visible = false
layout_mode = 3
anchors_preset = 15
anchor_right = 1.0
anchor_bottom = 1.0
grow_horizontal = 2
grow_vertical = 2

[node name="DialogOptions" parent="Interactions" instance=ExtResource("15_2i5hi")]
layout_mode = 1
anchors_preset = 8
anchor_left = 0.5
anchor_top = 0.5
anchor_right = 0.5
anchor_bottom = 0.5
offset_left = 128.0
offset_top = -80.0
offset_right = 496.0
offset_bottom = 80.0
grow_horizontal = 2
grow_vertical = 2

[node name="InteractionCooldown" type="Timer" parent="."]
one_shot = true

[node name="Notifications" parent="." instance=ExtResource("15_o0x4i")]

[node name="SelectMenu" parent="." instance=ExtResource("5_ukmvt")]
visible = false

[connection signal="dialog_enter" from="DialogMgr" to="." method="_on_dialog_enter"]
[connection signal="dialog_over" from="DialogMgr" to="." method="_on_dialog_over"]
[connection signal="option_selected" from="Interactions/DialogOptions" to="." method="_on_interactions_option_selected"]
[connection signal="timeout" from="InteractionCooldown" to="." method="_on_interaction_cooldown_timeout"]

[editable path="Player"]
[editable path="Player/Model/khajiit"]
