[gd_scene load_steps=2 format=3 uid="uid://divv88ex08cwu"]

[ext_resource type="Script" path="res://trees/marker.gd" id="1_wdtvb"]

[node name="SingleTrees" type="Node3D"]

[node name="Marker_100" type="MeshInstance3D" parent="."]
transform = Transform3D(1, 0, 0, 0, 1, 0, 0, 0, 1, 46.7381, 0, 19.1649)
skeleton = NodePath("")
script = ExtResource("1_wdtvb")

[node name="Marker_099" type="MeshInstance3D" parent="."]
transform = Transform3D(1, 0, 0, 0, 1, 0, 0, 0, 1, -22.4161, 0, -39.8195)
skeleton = NodePath("")
script = ExtResource("1_wdtvb")

[node name="Marker_098" type="MeshInstance3D" parent="."]
transform = Transform3D(1, 0, 0, 0, 1, 0, 0, 0, 1, -37.839, 0, -13.257)
skeleton = NodePath("")
script = ExtResource("1_wdtvb")

[node name="Marker_097" type="MeshInstance3D" parent="."]
transform = Transform3D(1, 0, 0, 0, 1, 0, 0, 0, 1, 35.7929, 0, -10.5226)
skeleton = NodePath("")
script = ExtResource("1_wdtvb")

[node name="Marker_096" type="MeshInstance3D" parent="."]
transform = Transform3D(1, 0, 0, 0, 1, 0, 0, 0, 1, -19.431, 0, 41.4305)
skeleton = NodePath("")
script = ExtResource("1_wdtvb")

[node name="Marker_095" type="MeshInstance3D" parent="."]
transform = Transform3D(1, 0, 0, 0, 1, 0, 0, 0, 1, -2.5156, 0, -45.2882)
skeleton = NodePath("")
script = ExtResource("1_wdtvb")

[node name="Marker_094" type="MeshInstance3D" parent="."]
transform = Transform3D(1, 0, 0, 0, 1, 0, 0, 0, 1, -4.00814, 0, -7.78824)
skeleton = NodePath("")
script = ExtResource("1_wdtvb")

[node name="Marker_093" type="MeshInstance3D" parent="."]
transform = Transform3D(1, 0, 0, 0, 1, 0, 0, 0, 1, 29.8227, 0, -19.8976)
skeleton = NodePath("")
script = ExtResource("1_wdtvb")

[node name="Marker_092" type="MeshInstance3D" parent="."]
transform = Transform3D(1, 0, 0, 0, 1, 0, 0, 0, 1, 15.8924, 0, -6.22574)
skeleton = NodePath("")
script = ExtResource("1_wdtvb")

[node name="Marker_091" type="MeshInstance3D" parent="."]
transform = Transform3D(1, 0, 0, 0, 1, 0, 0, 0, 1, 44.7481, 0, 3.53989)
skeleton = NodePath("")
script = ExtResource("1_wdtvb")

[node name="Marker_090" type="MeshInstance3D" parent="."]
transform = Transform3D(1, 0, 0, 0, 1, 0, 0, 0, 1, -4.50565, 0, -32.7882)
skeleton = NodePath("")
script = ExtResource("1_wdtvb")

[node name="Marker_089" type="MeshInstance3D" parent="."]
transform = Transform3D(1, 0, 0, 0, 1, 0, 0, 0, 1, 34.7978, 0, 14.4774)
skeleton = NodePath("")
script = ExtResource("1_wdtvb")

[node name="Marker_088" type="MeshInstance3D" parent="."]
transform = Transform3D(1, 0, 0, 0, 1, 0, 0, 0, 1, -5.50068, 0, 35.9618)
skeleton = NodePath("")
script = ExtResource("1_wdtvb")

[node name="Marker_087" type="MeshInstance3D" parent="."]
transform = Transform3D(1, 0, 0, 0, 1, 0, 0, 0, 1, -35.3514, 0, 42.993)
skeleton = NodePath("")
script = ExtResource("1_wdtvb")

[node name="Marker_086" type="MeshInstance3D" parent="."]
transform = Transform3D(1, 0, 0, 0, 1, 0, 0, 0, 1, 45.7431, 0, -21.4601)
skeleton = NodePath("")
script = ExtResource("1_wdtvb")

[node name="Marker_085" type="MeshInstance3D" parent="."]
transform = Transform3D(1, 0, 0, 0, 1, 0, 0, 0, 1, -12.4659, 0, -36.6945)
skeleton = NodePath("")
script = ExtResource("1_wdtvb")

[node name="Marker_084" type="MeshInstance3D" parent="."]
transform = Transform3D(1, 0, 0, 0, 1, 0, 0, 0, 1, 4.94708, 0, 1.58676)
skeleton = NodePath("")
script = ExtResource("1_wdtvb")

[node name="Marker_083" type="MeshInstance3D" parent="."]
transform = Transform3D(1, 0, 0, 0, 1, 0, 0, 0, 1, -7.98824, 0, -1.53824)
skeleton = NodePath("")
script = ExtResource("1_wdtvb")

[node name="Marker_082" type="MeshInstance3D" parent="."]
transform = Transform3D(1, 0, 0, 0, 1, 0, 0, 0, 1, 12.4098, 0, 40.6493)
skeleton = NodePath("")
script = ExtResource("1_wdtvb")

[node name="Marker_081" type="MeshInstance3D" parent="."]
transform = Transform3D(1, 0, 0, 0, 1, 0, 0, 0, 1, 48.7282, 0, 6.66488)
skeleton = NodePath("")
script = ExtResource("1_wdtvb")

[node name="Marker_080" type="MeshInstance3D" parent="."]
transform = Transform3D(1, 0, 0, 0, 1, 0, 0, 0, 1, 25.3451, 0, -38.6476)
skeleton = NodePath("")
script = ExtResource("1_wdtvb")

[node name="Marker_079" type="MeshInstance3D" parent="."]
transform = Transform3D(1, 0, 0, 0, 1, 0, 0, 0, 1, 31.8127, 0, -4.27261)
skeleton = NodePath("")
script = ExtResource("1_wdtvb")

[node name="Marker_078" type="MeshInstance3D" parent="."]
transform = Transform3D(1, 0, 0, 0, 1, 0, 0, 0, 1, -21.9186, 0, -14.8195)
skeleton = NodePath("")
script = ExtResource("1_wdtvb")

[node name="Marker_077" type="MeshInstance3D" parent="."]
transform = Transform3D(1, 0, 0, 0, 1, 0, 0, 0, 1, -28.8838, 0, 14.868)
skeleton = NodePath("")
script = ExtResource("1_wdtvb")

[node name="Marker_076" type="MeshInstance3D" parent="."]
transform = Transform3D(1, 0, 0, 0, 1, 0, 0, 0, 1, -7.49073, 0, 48.4618)
skeleton = NodePath("")
script = ExtResource("1_wdtvb")

[node name="Marker_075" type="MeshInstance3D" parent="."]
transform = Transform3D(1, 0, 0, 0, 1, 0, 0, 0, 1, -10.9733, 0, 0.805509)
skeleton = NodePath("")
script = ExtResource("1_wdtvb")

[node name="Marker_074" type="MeshInstance3D" parent="."]
transform = Transform3D(1, 0, 0, 0, 1, 0, 0, 0, 1, 17.3849, 0, -43.7257)
skeleton = NodePath("")
script = ExtResource("1_wdtvb")

[node name="Marker_073" type="MeshInstance3D" parent="."]
transform = Transform3D(1, 0, 0, 0, 1, 0, 0, 0, 1, 41.763, 0, -15.2101)
skeleton = NodePath("")
script = ExtResource("1_wdtvb")

[node name="Marker_072" type="MeshInstance3D" parent="."]
transform = Transform3D(1, 0, 0, 0, 1, 0, 0, 0, 1, -2.01809, 0, -20.2882)
skeleton = NodePath("")
script = ExtResource("1_wdtvb")

[node name="Marker_071" type="MeshInstance3D" parent="."]
transform = Transform3D(1, 0, 0, 0, 1, 0, 0, 0, 1, -31.3713, 0, 46.118)
skeleton = NodePath("")
script = ExtResource("1_wdtvb")

[node name="Marker_070" type="MeshInstance3D" parent="."]
transform = Transform3D(1, 0, 0, 0, 1, 0, 0, 0, 1, -14.4559, 0, -42.9445)
skeleton = NodePath("")
script = ExtResource("1_wdtvb")

[node name="Marker_069" type="MeshInstance3D" parent="."]
transform = Transform3D(1, 0, 0, 0, 1, 0, 0, 0, 1, -29.3813, 0, 33.618)
skeleton = NodePath("")
script = ExtResource("1_wdtvb")

[node name="Marker_068" type="MeshInstance3D" parent="."]
transform = Transform3D(1, 0, 0, 0, 1, 0, 0, 0, 1, 9.42469, 0, -40.6007)
skeleton = NodePath("")
script = ExtResource("1_wdtvb")

[node name="Marker_067" type="MeshInstance3D" parent="."]
transform = Transform3D(1, 0, 0, 0, 1, 0, 0, 0, 1, -39.3315, 0, 49.243)
skeleton = NodePath("")
script = ExtResource("1_wdtvb")

[node name="Marker_066" type="MeshInstance3D" parent="."]
transform = Transform3D(1, 0, 0, 0, 1, 0, 0, 0, 1, -16.4459, 0, -30.4445)
skeleton = NodePath("")
script = ExtResource("1_wdtvb")

[node name="Marker_065" type="MeshInstance3D" parent="."]
transform = Transform3D(1, 0, 0, 0, 1, 0, 0, 0, 1, 47.2356, 0, -30.8351)
skeleton = NodePath("")
script = ExtResource("1_wdtvb")

[node name="Marker_064" type="MeshInstance3D" parent="."]
transform = Transform3D(1, 0, 0, 0, 1, 0, 0, 0, 1, -42.8141, 0, -39.4289)
skeleton = NodePath("")
script = ExtResource("1_wdtvb")

[node name="Marker_063" type="MeshInstance3D" parent="."]
transform = Transform3D(1, 0, 0, 0, 1, 0, 0, 0, 1, 28.3302, 0, 42.6024)
skeleton = NodePath("")
script = ExtResource("1_wdtvb")

[node name="Marker_062" type="MeshInstance3D" parent="."]
transform = Transform3D(1, 0, 0, 0, 1, 0, 0, 0, 1, -8.98326, 0, 23.4618)
skeleton = NodePath("")
script = ExtResource("1_wdtvb")

[node name="Marker_061" type="MeshInstance3D" parent="."]
transform = Transform3D(1, 0, 0, 0, 1, 0, 0, 0, 1, 24.8476, 0, 11.3524)
skeleton = NodePath("")
script = ExtResource("1_wdtvb")

[node name="Marker_060" type="MeshInstance3D" parent="."]
transform = Transform3D(1, 0, 0, 0, 1, 0, 0, 0, 1, -44.8042, 0, -26.9289)
skeleton = NodePath("")
script = ExtResource("1_wdtvb")

[node name="Marker_059" type="MeshInstance3D" parent="."]
transform = Transform3D(1, 0, 0, 0, 1, 0, 0, 0, 1, -44.3066, 0, -1.92887)
skeleton = NodePath("")
script = ExtResource("1_wdtvb")

[node name="Marker_058" type="MeshInstance3D" parent="."]
transform = Transform3D(1, 0, 0, 0, 1, 0, 0, 0, 1, 7.43465, 0, -28.1007)
skeleton = NodePath("")
script = ExtResource("1_wdtvb")

[node name="Marker_057" type="MeshInstance3D" parent="."]
transform = Transform3D(1, 0, 0, 0, 1, 0, 0, 0, 1, 26.8376, 0, 17.6024)
skeleton = NodePath("")
script = ExtResource("1_wdtvb")

[node name="Marker_056" type="MeshInstance3D" parent="."]
transform = Transform3D(1, 0, 0, 0, 1, 0, 0, 0, 1, -26.3962, 0, -47.632)
skeleton = NodePath("")
script = ExtResource("1_wdtvb")

[node name="Marker_055" type="MeshInstance3D" parent="."]
transform = Transform3D(1, 0, 0, 0, 1, 0, 0, 0, 1, -40.8241, 0, 24.243)
skeleton = NodePath("")
script = ExtResource("1_wdtvb")

[node name="Marker_054" type="MeshInstance3D" parent="."]
transform = Transform3D(1, 0, 0, 0, 1, 0, 0, 0, 1, 35.2953, 0, -35.5226)
skeleton = NodePath("")
script = ExtResource("1_wdtvb")

[node name="Marker_053" type="MeshInstance3D" parent="."]
transform = Transform3D(1, 0, 0, 0, 1, 0, 0, 0, 1, 29.3252, 0, -44.8976)
skeleton = NodePath("")
script = ExtResource("1_wdtvb")

[node name="Marker_052" type="MeshInstance3D" parent="."]
transform = Transform3D(1, 0, 0, 0, 1, 0, 0, 0, 1, -41.8191, 0, 35.5711)
skeleton = NodePath("")
script = ExtResource("1_wdtvb")

[node name="Marker_051" type="MeshInstance3D" parent="."]
transform = Transform3D(1, 0, 0, 0, 1, 0, 0, 0, 1, -22.9136, 0, 10.1805)
skeleton = NodePath("")
script = ExtResource("1_wdtvb")

[node name="Marker_050" type="MeshInstance3D" parent="."]
transform = Transform3D(1, 0, 0, 0, 1, 0, 0, 0, 1, -11.9683, 0, -11.6945)
skeleton = NodePath("")
script = ExtResource("1_wdtvb")

[node name="Marker_049" type="MeshInstance3D" parent="."]
transform = Transform3D(1, 0, 0, 0, 1, 0, 0, 0, 1, -32.8639, 0, 21.118)
skeleton = NodePath("")
script = ExtResource("1_wdtvb")

[node name="Marker_048" type="MeshInstance3D" parent="."]
transform = Transform3D(1, 0, 0, 0, 1, 0, 0, 0, 1, 32.3103, 0, 45.7274)
skeleton = NodePath("")
script = ExtResource("1_wdtvb")

[node name="Marker_047" type="MeshInstance3D" parent="."]
transform = Transform3D(1, 0, 0, 0, 1, 0, 0, 0, 1, -0.525557, 0, -29.6632)
skeleton = NodePath("")
script = ExtResource("1_wdtvb")

[node name="Marker_046" type="MeshInstance3D" parent="."]
transform = Transform3D(1, 0, 0, 0, 1, 0, 0, 0, 1, -13.9584, 0, -17.9445)
skeleton = NodePath("")
script = ExtResource("1_wdtvb")

[node name="Marker_045" type="MeshInstance3D" parent="."]
transform = Transform3D(1, 0, 0, 0, 1, 0, 0, 0, 1, -11.4708, 0, 38.3055)
skeleton = NodePath("")
script = ExtResource("1_wdtvb")

[node name="Marker_044" type="MeshInstance3D" parent="."]
transform = Transform3D(1, 0, 0, 0, 1, 0, 0, 0, 1, -39.829, 0, -0.756992)
skeleton = NodePath("")
script = ExtResource("1_wdtvb")

[node name="Marker_043" type="MeshInstance3D" parent="."]
transform = Transform3D(1, 0, 0, 0, 1, 0, 0, 0, 1, -27.8887, 0, -10.132)
skeleton = NodePath("")
script = ExtResource("1_wdtvb")

[node name="Marker_042" type="MeshInstance3D" parent="."]
transform = Transform3D(1, 0, 0, 0, 1, 0, 0, 0, 1, 49.2257, 0, -43.3351)
skeleton = NodePath("")
script = ExtResource("1_wdtvb")

[node name="Marker_041" type="MeshInstance3D" parent="."]
transform = Transform3D(1, 0, 0, 0, 1, 0, 0, 0, 1, -18.9335, 0, 3.93051)
skeleton = NodePath("")
script = ExtResource("1_wdtvb")

[node name="Marker_040" type="MeshInstance3D" parent="."]
transform = Transform3D(1, 0, 0, 0, 1, 0, 0, 0, 1, -30.3763, 0, -41.382)
skeleton = NodePath("")
script = ExtResource("1_wdtvb")

[node name="Marker_039" type="MeshInstance3D" parent="."]
transform = Transform3D(1, 0, 0, 0, 1, 0, 0, 0, 1, -27.3912, 0, 39.868)
skeleton = NodePath("")
script = ExtResource("1_wdtvb")

[node name="Marker_038" type="MeshInstance3D" parent="."]
transform = Transform3D(1, 0, 0, 0, 1, 0, 0, 0, 1, -21.4211, 0, 35.1805)
skeleton = NodePath("")
script = ExtResource("1_wdtvb")

[node name="Marker_037" type="MeshInstance3D" parent="."]
transform = Transform3D(1, 0, 0, 0, 1, 0, 0, 0, 1, -15.4509, 0, 44.5555)
skeleton = NodePath("")
script = ExtResource("1_wdtvb")

[node name="Marker_036" type="MeshInstance3D" parent="."]
transform = Transform3D(1, 0, 0, 0, 1, 0, 0, 0, 1, 27.3351, 0, -32.3976)
skeleton = NodePath("")
script = ExtResource("1_wdtvb")

[node name="Marker_035" type="MeshInstance3D" parent="."]
transform = Transform3D(1, 0, 0, 0, 1, 0, 0, 0, 1, -12.9634, 0, 13.3055)
skeleton = NodePath("")
script = ExtResource("1_wdtvb")

[node name="Marker_034" type="MeshInstance3D" parent="."]
transform = Transform3D(1, 0, 0, 0, 1, 0, 0, 0, 1, 16.8874, 0, 6.27426)
skeleton = NodePath("")
script = ExtResource("1_wdtvb")

[node name="Marker_033" type="MeshInstance3D" parent="."]
transform = Transform3D(1, 0, 0, 0, 1, 0, 0, 0, 1, -30.8738, 0, 8.61801)
skeleton = NodePath("")
script = ExtResource("1_wdtvb")

[node name="Marker_032" type="MeshInstance3D" parent="."]
transform = Transform3D(1, 0, 0, 0, 1, 0, 0, 0, 1, -24.4062, 0, -27.3195)
skeleton = NodePath("")
script = ExtResource("1_wdtvb")

[node name="Marker_031" type="MeshInstance3D" parent="."]
transform = Transform3D(1, 0, 0, 0, 1, 0, 0, 0, 1, 18.8774, 0, 12.5243)
skeleton = NodePath("")
script = ExtResource("1_wdtvb")

[node name="Marker_030" type="MeshInstance3D" parent="."]
transform = Transform3D(1, 0, 0, 0, 1, 0, 0, 0, 1, -48.2868, 0, -12.0851)
skeleton = NodePath("")
script = ExtResource("1_wdtvb")

[node name="Marker_029" type="MeshInstance3D" parent="."]
transform = Transform3D(1, 0, 0, 0, 1, 0, 0, 0, 1, 10.9172, 0, 15.6493)
skeleton = NodePath("")
script = ExtResource("1_wdtvb")

[node name="Marker_028" type="MeshInstance3D" parent="."]
transform = Transform3D(1, 0, 0, 0, 1, 0, 0, 0, 1, 45.2456, 0, -46.4601)
skeleton = NodePath("")
script = ExtResource("1_wdtvb")

[node name="Marker_027" type="MeshInstance3D" parent="."]
transform = Transform3D(1, 0, 0, 0, 1, 0, 0, 0, 1, 23.355, 0, -26.1476)
skeleton = NodePath("")
script = ExtResource("1_wdtvb")

[node name="Marker_026" type="MeshInstance3D" parent="."]
transform = Transform3D(1, 0, 0, 0, 1, 0, 0, 0, 1, 39.2754, 0, -27.7101)
skeleton = NodePath("")
script = ExtResource("1_wdtvb")

[node name="Marker_025" type="MeshInstance3D" parent="."]
transform = Transform3D(1, 0, 0, 0, 1, 0, 0, 0, 1, -13.4609, 0, 32.0555)
skeleton = NodePath("")
script = ExtResource("1_wdtvb")

[node name="Marker_024" type="MeshInstance3D" parent="."]
transform = Transform3D(1, 0, 0, 0, 1, 0, 0, 0, 1, -48.7843, 0, -37.0851)
skeleton = NodePath("")
script = ExtResource("1_wdtvb")

[node name="Marker_023" type="MeshInstance3D" parent="."]
transform = Transform3D(1, 0, 0, 0, 1, 0, 0, 0, 1, 3.95206, 0, -10.9132)
skeleton = NodePath("")
script = ExtResource("1_wdtvb")

[node name="Marker_022" type="MeshInstance3D" parent="."]
transform = Transform3D(1, 0, 0, 0, 1, 0, 0, 0, 1, 14.3998, 0, 28.1493)
skeleton = NodePath("")
script = ExtResource("1_wdtvb")

[node name="Marker_021" type="MeshInstance3D" parent="."]
transform = Transform3D(1, 0, 0, 0, 1, 0, 0, 0, 1, 5.94211, 0, -23.4132)
skeleton = NodePath("")
script = ExtResource("1_wdtvb")

[node name="Marker_020" type="MeshInstance3D" parent="."]
transform = Transform3D(1, 0, 0, 0, 1, 0, 0, 0, 1, 21.8625, 0, -24.9757)
skeleton = NodePath("")
script = ExtResource("1_wdtvb")

[node name="Marker_019" type="MeshInstance3D" parent="."]
transform = Transform3D(1, 0, 0, 0, 1, 0, 0, 0, 1, 2.95703, 0, 14.0868)
skeleton = NodePath("")
script = ExtResource("1_wdtvb")

[node name="Marker_018" type="MeshInstance3D" parent="."]
transform = Transform3D(1, 0, 0, 0, 1, 0, 0, 0, 1, -1.52058, 0, 29.7118)
skeleton = NodePath("")
script = ExtResource("1_wdtvb")

[node name="Marker_017" type="MeshInstance3D" parent="."]
transform = Transform3D(1, 0, 0, 0, 1, 0, 0, 0, 1, 1.96201, 0, -17.1632)
skeleton = NodePath("")
script = ExtResource("1_wdtvb")

[node name="Marker_016" type="MeshInstance3D" parent="."]
transform = Transform3D(1, 0, 0, 0, 1, 0, 0, 0, 1, -8.48576, 0, -26.5382)
skeleton = NodePath("")
script = ExtResource("1_wdtvb")

[node name="Marker_015" type="MeshInstance3D" parent="."]
transform = Transform3D(1, 0, 0, 0, 1, 0, 0, 0, 1, -36.844, 0, 17.993)
skeleton = NodePath("")
script = ExtResource("1_wdtvb")

[node name="Marker_014" type="MeshInstance3D" parent="."]
transform = Transform3D(1, 0, 0, 0, 1, 0, 0, 0, 1, 37.2854, 0, -48.0226)
skeleton = NodePath("")
script = ExtResource("1_wdtvb")

[node name="Marker_013" type="MeshInstance3D" parent="."]
transform = Transform3D(1, 0, 0, 0, 1, 0, 0, 0, 1, 6.43962, 0, 26.5868)
skeleton = NodePath("")
script = ExtResource("1_wdtvb")

[node name="Marker_012" type="MeshInstance3D" parent="."]
transform = Transform3D(1, 0, 0, 0, 1, 0, 0, 0, 1, 19.8725, 0, -12.4757)
skeleton = NodePath("")
script = ExtResource("1_wdtvb")

[node name="Marker_011" type="MeshInstance3D" parent="."]
transform = Transform3D(1, 0, 0, 0, 1, 0, 0, 0, 1, -34.3564, 0, -44.507)
skeleton = NodePath("")
script = ExtResource("1_wdtvb")

[node name="Marker_010" type="MeshInstance3D" parent="."]
transform = Transform3D(1, 0, 0, 0, 1, 0, 0, 0, 1, 49.7232, 0, -18.3351)
skeleton = NodePath("")
script = ExtResource("1_wdtvb")

[node name="Marker_009" type="MeshInstance3D" parent="."]
transform = Transform3D(1, 0, 0, 0, 1, 0, 0, 0, 1, -40.3265, 0, -25.757)
skeleton = NodePath("")
script = ExtResource("1_wdtvb")

[node name="Marker_008" type="MeshInstance3D" parent="."]
transform = Transform3D(1, 0, 0, 0, 1, 0, 0, 0, 1, -38.3365, 0, -38.257)
skeleton = NodePath("")
script = ExtResource("1_wdtvb")

[node name="Marker_007" type="MeshInstance3D" parent="."]
transform = Transform3D(1, 0, 0, 0, 1, 0, 0, 0, 1, 16.3899, 0, 43.7743)
skeleton = NodePath("")
script = ExtResource("1_wdtvb")

[node name="Marker_006" type="MeshInstance3D" parent="."]
transform = Transform3D(1, 0, 0, 0, 1, 0, 0, 0, 1, 15.3948, 0, -31.2257)
skeleton = NodePath("")
script = ExtResource("1_wdtvb")

[node name="Marker_005" type="MeshInstance3D" parent="."]
transform = Transform3D(1, 0, 0, 0, 1, 0, 0, 0, 1, 19.3749, 0, -37.4757)
skeleton = NodePath("")
script = ExtResource("1_wdtvb")

[node name="Marker_004" type="MeshInstance3D" parent="."]
transform = Transform3D(1, 0, 0, 0, 1, 0, 0, 0, 1, 40.2705, 0, 47.2899)
skeleton = NodePath("")
script = ExtResource("1_wdtvb")

[node name="Marker_003" type="MeshInstance3D" parent="."]
transform = Transform3D(1, 0, 0, 0, 1, 0, 0, 0, 1, -9.97829, 0, -24.1945)
skeleton = NodePath("")
script = ExtResource("1_wdtvb")

[node name="Marker_002" type="MeshInstance3D" parent="."]
transform = Transform3D(1, 0, 0, 0, 1, 0, 0, 0, 1, 20.8675, 0, 0.0242572)
skeleton = NodePath("")
script = ExtResource("1_wdtvb")

[node name="Marker_001" type="MeshInstance3D" parent="."]
transform = Transform3D(1, 0, 0, 0, 1, 0, 0, 0, 1, 44.2506, 0, 41.0399)
skeleton = NodePath("")
script = ExtResource("1_wdtvb")
