[gd_scene load_steps=2 format=3 uid="uid://dcxvw8jni7v0s"]

[ext_resource type="Script" path="res://addons/dialog_editor/dialog_editor_panel.gd" id="1_o2d5i"]

[node name="DialogEditorPanel" type="Control"]
layout_mode = 3
anchors_preset = 15
anchor_right = 1.0
anchor_bottom = 1.0
grow_horizontal = 2
grow_vertical = 2
size_flags_horizontal = 3
size_flags_vertical = 3
script = ExtResource("1_o2d5i")

[node name="BtnChars" type="Button" parent="."]
layout_mode = 1
offset_left = 8.0
offset_top = 8.0
offset_right = 64.0
offset_bottom = 40.0
text = "Chars"

[node name="BtnRefresh" type="Button" parent="."]
layout_mode = 1
offset_left = 72.0
offset_top = 8.0
offset_right = 144.0
offset_bottom = 40.0
text = "Refresh
"

[node name="DialogsList" type="OptionButton" parent="."]
layout_mode = 1
anchors_preset = 10
anchor_right = 1.0
offset_left = 152.0
offset_top = 8.0
offset_right = -144.0
offset_bottom = 40.0
grow_horizontal = 2
item_count = 1
selected = 0
popup/item_0/text = "res:///chars/dog/dialog_intro.json"
popup/item_0/id = 0

[node name="BtnLoad" type="Button" parent="."]
layout_mode = 1
anchors_preset = 1
anchor_left = 1.0
anchor_right = 1.0
offset_left = -128.0
offset_top = 8.0
offset_right = -72.0
offset_bottom = 40.0
grow_horizontal = 0
text = "Load"

[node name="BtnSave" type="Button" parent="."]
layout_mode = 1
anchors_preset = 1
anchor_left = 1.0
anchor_right = 1.0
offset_left = -64.0
offset_top = 8.0
offset_right = -8.0
offset_bottom = 40.0
grow_horizontal = 0
text = "Save"

[node name="HBoxContainer" type="HBoxContainer" parent="."]
layout_mode = 1
anchors_preset = 15
anchor_right = 1.0
anchor_bottom = 1.0
offset_left = 8.0
offset_top = 48.0
offset_right = -8.0
offset_bottom = -8.0
grow_horizontal = 2
grow_vertical = 2

[node name="Characters" type="ScrollContainer" parent="HBoxContainer"]
visible = false
custom_minimum_size = Vector2(240, 0)
layout_mode = 2

[node name="VBoxContainer" type="VBoxContainer" parent="HBoxContainer/Characters"]
layout_mode = 2

[node name="GraphEdit" type="GraphEdit" parent="HBoxContainer"]
layout_mode = 2
size_flags_horizontal = 3
right_disconnects = true
minimap_enabled = false

[connection signal="pressed" from="BtnChars" to="." method="toggle_chars"]
[connection signal="pressed" from="BtnRefresh" to="." method="update_file_selector"]
[connection signal="item_selected" from="DialogsList" to="." method="on_dialogs_list_item_selected"]
[connection signal="pressed" from="BtnLoad" to="." method="load_selected_file"]
[connection signal="pressed" from="BtnSave" to="." method="save_selected_file"]
[connection signal="connection_request" from="HBoxContainer/GraphEdit" to="." method="on_connection_request"]
[connection signal="connection_to_empty" from="HBoxContainer/GraphEdit" to="." method="on_connection_empty"]
[connection signal="disconnection_request" from="HBoxContainer/GraphEdit" to="." method="on_disconnection_request"]
[connection signal="close_request" from="HBoxContainer/GraphEdit/entry" to="HBoxContainer/GraphEdit/entry" method="_on_close_request" flags=18]
[connection signal="close_request" from="HBoxContainer/GraphEdit/entry10" to="HBoxContainer/GraphEdit/entry10" method="_on_close_request" flags=18]
[connection signal="close_request" from="HBoxContainer/GraphEdit/entry11" to="HBoxContainer/GraphEdit/entry11" method="_on_close_request" flags=18]
[connection signal="close_request" from="HBoxContainer/GraphEdit/entry12" to="HBoxContainer/GraphEdit/entry12" method="_on_close_request" flags=18]
[connection signal="close_request" from="HBoxContainer/GraphEdit/entry13" to="HBoxContainer/GraphEdit/entry13" method="_on_close_request" flags=18]
[connection signal="close_request" from="HBoxContainer/GraphEdit/entry14" to="HBoxContainer/GraphEdit/entry14" method="_on_close_request" flags=18]
[connection signal="close_request" from="HBoxContainer/GraphEdit/entry2" to="HBoxContainer/GraphEdit/entry2" method="_on_close_request" flags=18]
[connection signal="close_request" from="HBoxContainer/GraphEdit/entry3" to="HBoxContainer/GraphEdit/entry3" method="_on_close_request" flags=18]
[connection signal="close_request" from="HBoxContainer/GraphEdit/entry4" to="HBoxContainer/GraphEdit/entry4" method="_on_close_request" flags=18]
[connection signal="close_request" from="HBoxContainer/GraphEdit/entry5" to="HBoxContainer/GraphEdit/entry5" method="_on_close_request" flags=18]
[connection signal="close_request" from="HBoxContainer/GraphEdit/entry6" to="HBoxContainer/GraphEdit/entry6" method="_on_close_request" flags=18]
[connection signal="close_request" from="HBoxContainer/GraphEdit/entry7" to="HBoxContainer/GraphEdit/entry7" method="_on_close_request" flags=18]
[connection signal="close_request" from="HBoxContainer/GraphEdit/entry8" to="HBoxContainer/GraphEdit/entry8" method="_on_close_request" flags=18]
[connection signal="close_request" from="HBoxContainer/GraphEdit/entry9" to="HBoxContainer/GraphEdit/entry9" method="_on_close_request" flags=18]
