[gd_scene load_steps=5 format=3 uid="uid://b30rsgq6a21kx"]

[ext_resource type="Script" path="res://addons/dialog_editor/reply.gd" id="1_bbain"]
[ext_resource type="Texture2D" uid="uid://0hb8xuge2i0g" path="res://addons/dialog_editor/ic_filter.png" id="2_dwjfu"]
[ext_resource type="Texture2D" uid="uid://burf2djmi476t" path="res://addons/dialog_editor/ic_flag.png" id="3_1ghpd"]
[ext_resource type="Texture2D" uid="uid://bgbjhgxdej3p5" path="res://addons/dialog_editor/ic_run.png" id="4_a48t5"]

[node name="Reply" type="HBoxContainer"]
offset_right = 544.0
offset_bottom = 31.0
script = ExtResource("1_bbain")

[node name="BtnIcon" type="Button" parent="."]
custom_minimum_size = Vector2(30, 0)
layout_mode = 2
tooltip_text = "Icon"

[node name="TextureRect" type="TextureRect" parent="BtnIcon"]
layout_mode = 1
anchors_preset = 15
anchor_right = 1.0
anchor_bottom = 1.0
offset_left = 6.0
offset_top = 6.0
offset_right = -6.0
offset_bottom = -5.0
grow_horizontal = 2
grow_vertical = 2
expand_mode = 1
stretch_mode = 5

[node name="Spacer3" type="Control" parent="."]
layout_mode = 2
size_flags_horizontal = 3

[node name="LineEdit" type="LineEdit" parent="."]
custom_minimum_size = Vector2(310, 0)
layout_mode = 2
placeholder_text = "Reply text"
context_menu_enabled = false
middle_mouse_paste_enabled = false

[node name="Spacer2" type="Control" parent="."]
layout_mode = 2
size_flags_horizontal = 3

[node name="BtnFilter" type="Button" parent="."]
custom_minimum_size = Vector2(30, 0)
layout_mode = 2
tooltip_text = "Filters"

[node name="TextureRect" type="TextureRect" parent="BtnFilter"]
layout_mode = 1
anchors_preset = 15
anchor_right = 1.0
anchor_bottom = 1.0
offset_left = 6.0
offset_top = 6.0
offset_right = -6.0
offset_bottom = -5.0
grow_horizontal = 2
grow_vertical = 2
texture = ExtResource("2_dwjfu")
expand_mode = 1
stretch_mode = 5

[node name="BtnFlag" type="Button" parent="."]
custom_minimum_size = Vector2(30, 0)
layout_mode = 2
tooltip_text = "Flags"

[node name="TextureRect" type="TextureRect" parent="BtnFlag"]
layout_mode = 1
anchors_preset = 15
anchor_right = 1.0
anchor_bottom = 1.0
offset_left = 6.0
offset_top = 6.0
offset_right = -6.0
offset_bottom = -5.0
grow_horizontal = 2
grow_vertical = 2
texture = ExtResource("3_1ghpd")
expand_mode = 1
stretch_mode = 5

[node name="BtnActions" type="Button" parent="."]
custom_minimum_size = Vector2(30, 0)
layout_mode = 2
tooltip_text = "Actions"

[node name="TextureRect" type="TextureRect" parent="BtnActions"]
layout_mode = 1
anchors_preset = 15
anchor_right = 1.0
anchor_bottom = 1.0
offset_left = 6.0
offset_top = 6.0
offset_right = -6.0
offset_bottom = -5.0
grow_horizontal = 2
grow_vertical = 2
texture = ExtResource("4_a48t5")
expand_mode = 1
stretch_mode = 5

[node name="BtnRemove" type="Button" parent="."]
custom_minimum_size = Vector2(30, 0)
layout_mode = 2
tooltip_text = "Remove"
text = "x"

[node name="PopupFilter" type="PopupPanel" parent="."]
initial_position = 2
title = "Filters"
size = Vector2i(248, 306)

[node name="VBoxContainer" type="VBoxContainer" parent="PopupFilter"]
custom_minimum_size = Vector2(240, 0)
anchors_preset = 15
anchor_right = 1.0
anchor_bottom = 1.0
offset_left = 4.0
offset_top = 4.0
offset_right = 244.0
offset_bottom = 302.0
grow_horizontal = 2
grow_vertical = 2

[node name="Label" type="Label" parent="PopupFilter/VBoxContainer"]
layout_mode = 2
text = "Filters"
horizontal_alignment = 1

[node name="FilterFcnTitle" type="Label" parent="PopupFilter/VBoxContainer"]
layout_mode = 2
text = "Filter function"

[node name="FilterFcn" type="LineEdit" parent="PopupFilter/VBoxContainer"]
layout_mode = 2
placeholder_text = "Filter function name"

[node name="Spacer" type="Control" parent="PopupFilter/VBoxContainer"]
custom_minimum_size = Vector2(0, 10)
layout_mode = 2

[node name="FlagsWhiteTitle" type="Label" parent="PopupFilter/VBoxContainer"]
layout_mode = 2
text = "Flags, white-list"

[node name="FlagsWhite" type="LineEdit" parent="PopupFilter/VBoxContainer"]
layout_mode = 2
placeholder_text = "Comma-separated"

[node name="Spacer2" type="Control" parent="PopupFilter/VBoxContainer"]
custom_minimum_size = Vector2(0, 10)
layout_mode = 2

[node name="FlagsBlackTitle" type="Label" parent="PopupFilter/VBoxContainer"]
layout_mode = 2
text = "Flags, black-list"

[node name="FlagsBlack" type="LineEdit" parent="PopupFilter/VBoxContainer"]
layout_mode = 2
placeholder_text = "Comma-separated"

[node name="Spacer3" type="Control" parent="PopupFilter/VBoxContainer"]
custom_minimum_size = Vector2(0, 10)
layout_mode = 2

[node name="BtnClose" type="Button" parent="PopupFilter/VBoxContainer"]
layout_mode = 2
text = "Close"

[node name="PopupFlags" type="PopupPanel" parent="."]
initial_position = 2
title = "Filters"
size = Vector2i(248, 227)

[node name="VBoxContainer" type="VBoxContainer" parent="PopupFlags"]
custom_minimum_size = Vector2(240, 0)
offset_left = 4.0
offset_top = 4.0
offset_right = 244.0
offset_bottom = 223.0
grow_horizontal = 2
grow_vertical = 2

[node name="Label" type="Label" parent="PopupFlags/VBoxContainer"]
layout_mode = 2
text = "Flags"
horizontal_alignment = 1

[node name="SetTitle" type="Label" parent="PopupFlags/VBoxContainer"]
layout_mode = 2
text = "Set on selected"

[node name="Set" type="LineEdit" parent="PopupFlags/VBoxContainer"]
layout_mode = 2
placeholder_text = "Comma-separated"

[node name="Spacer" type="Control" parent="PopupFlags/VBoxContainer"]
custom_minimum_size = Vector2(0, 10)
layout_mode = 2

[node name="UnsetTitle" type="Label" parent="PopupFlags/VBoxContainer"]
layout_mode = 2
text = "Unset on selected"

[node name="Unset" type="LineEdit" parent="PopupFlags/VBoxContainer"]
layout_mode = 2
placeholder_text = "Comma-separated"

[node name="Spacer2" type="Control" parent="PopupFlags/VBoxContainer"]
custom_minimum_size = Vector2(0, 10)
layout_mode = 2

[node name="BtnClose" type="Button" parent="PopupFlags/VBoxContainer"]
layout_mode = 2
text = "Close"

[node name="PopupActions" type="PopupPanel" parent="."]
initial_position = 2
title = "Filters"
size = Vector2i(248, 148)

[node name="VBoxContainer" type="VBoxContainer" parent="PopupActions"]
custom_minimum_size = Vector2(240, 0)
anchors_preset = 15
anchor_right = 1.0
anchor_bottom = 1.0
offset_left = 4.0
offset_top = 4.0
offset_right = 244.0
offset_bottom = 144.0
grow_horizontal = 2
grow_vertical = 2

[node name="Label" type="Label" parent="PopupActions/VBoxContainer"]
layout_mode = 2
text = "Actions"
horizontal_alignment = 1

[node name="OnchooseFcnTitle" type="Label" parent="PopupActions/VBoxContainer"]
layout_mode = 2
text = "On choose fcn"

[node name="OnchooseFcn" type="LineEdit" parent="PopupActions/VBoxContainer"]
layout_mode = 2
placeholder_text = "Function name"

[node name="Spacer" type="Control" parent="PopupActions/VBoxContainer"]
custom_minimum_size = Vector2(0, 10)
layout_mode = 2

[node name="BtnClose" type="Button" parent="PopupActions/VBoxContainer"]
layout_mode = 2
text = "Close"

[connection signal="pressed" from="BtnFilter" to="." method="show_filters_popup"]
[connection signal="pressed" from="BtnFlag" to="." method="popup_flags_show"]
[connection signal="pressed" from="BtnActions" to="." method="popup_actions_show"]
[connection signal="pressed" from="BtnRemove" to="." method="on_remove_btn_click"]
[connection signal="pressed" from="PopupFilter/VBoxContainer/BtnClose" to="." method="popup_filters_hide"]
[connection signal="pressed" from="PopupFlags/VBoxContainer/BtnClose" to="." method="popup_flags_hide"]
[connection signal="pressed" from="PopupActions/VBoxContainer/BtnClose" to="." method="popup_actions_hide"]
